@article{DiPersia2007,
  title={Objective quality evaluation in blind source separation for speech recognition in a real room},
  author={Di Persia, Leandro and Yanagida, Masashi and Rufiner, Hugo L and Milone, Diego},
  journal={Signal Processing},
  volume={87},
  number={8},
  pages={1951--1965},
  year={2007},
  publisher={Elsevier}
}

@article{Zha2005,
  title={Objective speech quality measurement using statistical data mining},
  author={Zha, Wenwu and Chan, Wai-Yip},
  journal={EURASIP Journal on Applied Signal Processing},
  volume={2005},
  number={9},
  pages={1410--1424},
  year={2005},
  publisher={Springer}
}

@inproceedings{Falk2004,
  title={Feature mining for GMM-based speech quality measurement},
  author={Falk, Tiago H and Chan, Wai-Yip},
  booktitle={The Thirty-Eighth Asilomar Conference on Signals, Systems, and Computers, 2004},
  volume={2},
  pages={2290--2294},
  year={2004},
  organization={IEEE}
}

@article{Sharma2016,
  title={A data-driven non-intrusive measure of speech quality and intelligibility},
  author={Sharma, Dinesh and Wang, Ye and Naylor, Patrick A and Brookes, Mike},
  journal={Speech Communication},
  volume={80},
  pages={84--94},
  year={2016},
  publisher={Elsevier}
}

@article{Falk2010,
  title={A non-intrusive quality and intelligibility measure of reverberant and dereverberated speech},
  author={Falk, Tiago H and Zheng, Chenxi and Chan, Wai-Yip},
  journal={IEEE Transactions on Audio, Speech, and Language Processing},
  volume={18},
  number={7},
  pages={1766--1774},
  year={2010},
  publisher={IEEE}
}

@article{Steeneken1980,
  title={A physical method for measuring speech-transmission quality},
  author={Steeneken, Herman JM and Houtgast, Tom},
  journal={The Journal of the Acoustical Society of America},
  volume={67},
  number={1},
  pages={318--326},
  year={1980},
  publisher={Acoustical Society of America}
}

@article{vanHoesel2003,
  title={Speech perception, localization, and lateralization with bilateral cochlear implants},
  author={van Hoesel, Richard JM and Tyler, Richard S},
  journal={The Journal of the Acoustical Society of America},
  volume={113},
  number={3},
  pages={1617--1630},
  year={2003},
  publisher={Acoustical Society of America}
}

@article{Houtgast1985,
  title={A review of the MTF concept in room acoustics and its use for estimating speech intelligibility in auditoria},
  author={Houtgast, Tom and Steeneken, Herman JM},
  journal={The Journal of the Acoustical Society of America},
  volume={77},
  number={3},
  pages={1069--1077},
  year={1985},
  publisher={Acoustical Society of America}
}

@article{Miller1955,
  title={An analysis of perceptual confusions among some English consonants},
  author={Miller, George A and Nicely, Patricia E},
  journal={The Journal of the Acoustical Society of America},
  volume={27},
  number={2},
  pages={338--352},
  year={1955},
  publisher={Acoustical Society of America}
}

@article{Kalikow1977,
  title={Development of a test of speech intelligibility in noise using sentence materials with controlled word predictability},
  author={Kalikow, Daniel N and Stevens, Kenneth N and Elliott, Lori L},
  journal={The Journal of the Acoustical Society of America},
  volume={61},
  number={5},
  pages={1337--1351},
  year={1977},
  publisher={Acoustical Society of America}
}

@techreport{ITU-T2001,
  title={Perceptual evaluation of speech quality (PESQ), an objective method for end-to-end speech quality assessment of narrow-band telephone networks and speech codecs},
  author={{ITU-T Recommendation P.862}},
  year={2001}
}

@article{Taal2011,
  title={An algorithm for intelligibility prediction of time-frequency weighted noisy speech},
  author={Taal, Cees H and Hendriks, Richard C and Heusdens, Richard and Jensen, Jesper},
  journal={IEEE Transactions on audio, speech, and language processing},
  volume={19},
  number={7},
  pages={2125--2136},
  year={2011},
  publisher={IEEE}
}

@inproceedings{Zha2003,
  title={Voice quality assessment using classification trees},
  author={Zha, Wenwu and Chan, Wai-Yip},
  booktitle={The Thrity-Seventh Asilomar Conference on Signals, Systems \& Computers, 2003},
  volume={1},
  pages={537--541},
  year={2003},
  organization={IEEE}
}

@article{Agrawal2025,
  title={SALF-MOS: Speaker Agnostic Latent Features Downsampled for MOS Prediction},
  author={Agrawal, Shubham and Gohil, Rishabh and Agrawal, Gaurav K and CM, Vikramjit and Verma, Kunal},
  journal={arXiv preprint arXiv:2506.02082},
  year={2025}
}

@article{Wang2024,
  title={Speech Separation with Pretrained Frontend to Minimize Domain Mismatch},
  author={Wang, Wei and Pan, Zexu and Li, Xueliang and Wang, Shanshan and Li, Haizhou},
  journal={arXiv preprint arXiv:2411.03085},
  year={2024}
}

@article{Vincent2006,
  title={Performance measurement in blind audio source separation},
  author={Vincent, Emmanuel and Gribonval, R{\'e}mi and F{\'e}votte, C{\'e}dric},
  journal={IEEE Transactions on Audio, Speech, and Language Processing},
  volume={14},
  number={4},
  pages={1462--1469},
  year={2006},
  publisher={IEEE}
}

@article{Hinrichs2025,
  title={Pruning-aware Loss Functions for STOI-Optimized Pruned Recurrent Autoencoders for the Compression of the Stimulation Patterns of Cochlear Implants at Zero Delay},
  author={Hinrichs, R{\"u}diger and Ostermann, J{\"o}rn},
  journal={arXiv preprint arXiv:2502.02424},
  year={2025}
}